<?xml version="1.0" encoding="UTF-8"?><collection xmlns="http://www.loc.gov/MARC21/slim"><record><leader>00442nam--2200121-i-4500</leader><controlfield tag="001">000038571</controlfield><controlfield tag="002">20161230</controlfield><controlfield tag="005">20161230201041</controlfield><controlfield tag="008">060222s1000------------r-----000-0-eng-d</controlfield><datafield ind1=" " ind2=" " tag="080"><subfield code="a">621.039.534.3</subfield></datafield><datafield ind1=" " ind2=" " tag="245"><subfield code="a">Refuelling of gas-cooled reactors. a symposium farranged by the nuclear energy group of the institution of mechanical engineers, 12 th december 1968</subfield></datafield><datafield ind1=" " ind2=" " tag="260"><subfield code="a">London, The Inst.Of Mechanical Engineers, 1969. Vii + 166 P</subfield></datafield><datafield ind1=" " ind2=" " tag="852"><subfield code="a">36344</subfield></datafield></record></collection>